@article{youtube2020probabilistic,
  title={Probabilistic Circuits: Representations, Inference, Learning and Theory (Tutorial at ECML-PKDD 2020)},
  author={UCLA-StarAI},
  year={2020},
  journal={YouTube \url{https://www.youtube.com/watch?v=2RAG5-L9R70}}
}


@article{choi2020probabilistic,
  title={Probabilistic circuits: A unifying framework for tractable probabilistic models},
  author={Choi, Y and Vergari, Antonio and Van den Broeck, Guy},
  journal={UCLA. URL: \url{http://starai.cs.ucla.edu/papers/ProbCirc20.pdf}},
  year={2020}
}

@article{papamakarios2021normalizing,
  title={Normalizing flows for probabilistic modeling and inference},
  author={Papamakarios, George and Nalisnick, Eric and Rezende, Danilo Jimenez and Mohamed, Shakir and Lakshminarayanan, Balaji},
  journal={The Journal of Machine Learning Research. URL: \url{https://arxiv.org/abs/1912.02762}},
  volume={22},
  number={1},
  pages={2617--2680},
  year={2021},
  publisher={JMLRORG}
}

@article{jawitz2003truncated,
  title={Moments of truncated continuous univariate distributions},
  author={Jawitz, James W.},
  journal={Advances in Water Resources},
  volume={27},
  pages={269--281},
  year={2003},
  publisher={Elsevier}
}

@article{kanrob2017moments,
  title={On Moments of Folded and Truncated Multivariate Normal Distributions},
  author={Kan, Raymond and Robotti, Cesare},
  journal={Journal Of Computational And Graphical Statistics
   URL: \url{https://www.tandfonline.com/doi/full/10.1080/10618600.2017.1322092}},
  volume={26},
  number={4},
  pages={930--934},
  year={2017},
  publisher={Taylor & Francis}
}

@article{ogasawara2022moments,
  title={On Moments of Folded and Truncated Multivariate Normal Distributions},
  author={Kan, Raymond and Robotti, Cesare},
  journal={Communications In Statistics â€” Theory and Methods
   URL: \url{https://www.tandfonline.com/doi/full/10.1080/03610926.2020.1867742}},
  volume={51},
  number={19},
  pages={6834 -- 6862},
  year={2022},
  publisher={Taylor & Francis}
}